2530 3122
780 244 1353 335 m
1756 258 1915 315 xxv

233 389 448 451 „clientela
467 382 678 449 antiquitus
688 395 823 440 erant,
851 380 1195 446 gratiam-feciffe,
1225 380 1457 441 conjurandi
1472 397 1564 427 cum
1582 392 1665 428 tota
1690 383 1802 429 Italia
1828 402 1906 447 pto

237 467 409 527 partibus
429 463 568 516 suis‚“
598 463 805 505 Suetonius
821 483 823 485 ·
838 465 874 516 o)
903 461 1010 508 dicit.
1049 465 1117 521 qui
1143 460 1255 504 locus
1282 460 1480 521 duplicem
1501 460 1554 503 ob
1578 458 1731 505 causam
1756 478 1912 507 memo·

162 576 166 580 -
240 542 370 586 rabilis
388 538 561 583 videtur:
578 540 714 597 primo
732 571 744 590 ,
786 536 898 596 quod
918 534 1184 582 Bononienses
1216 539 1259 580 in
1275 538 1546 581 Antoniorum
1575 537 1755 583 clientela
1781 536 1910 592 fuiffie,

232 616 370 659 ’δόσεις
399 609 539 657 deinde
564 612 674 674 quod
688 616 840 665 innuit,
867 610 1129 658 Bononienses
1147 615 1227 657 hoc
1244 612 1445 657 clientelae
1476 613 1677 657 vinculum
1706 613 1809 675 apud
1827 618 1910 658 Au-

229 689 401 750 gustum
412 686 690 749 praetendiffe,
715 705 790 741 eo,
818 704 869 732 ne
895 689 943 732 ab
958 687 1047 750 ipfis
1066 686 1297 750 postularet,
1325 699 1367 733 ut
1394 703 1486 732 cum
1516 688 1665 749 rel-iqua
1693 688 1803 733 ltalia
1830 705 1909 750 pro

219 766 393 827 partibus
413 761 514 816 suis,
557 763 735 809 adversus
767 775 979 831 Ρ8ιιοιιιιιιι
1017 768 1289 822 conjurarent,
1335 763 1454 825 idque
1488 763 1670 824 Augusto
1688 765 1908 819 vinculum,

230 839 373 884 iustam
393 834 481 883 satis
497 828 783 885 excusationem
803 838 926 885 visum
958 837 1095 893 fuisse,
1133 842 1176 884 ὅ(
1203 836 1352 883 causam
1380 838 1590 890 idoneam,
1628 837 1679 882 ad
1708 856 1796 885 eam
1815 839 1886 901 1ps
1870 857 1906 886 ε

223 930 341 997 quam
351 926 537 977 peterent
554 919 721 977 gratiam
742 913 977 965 faciendam.
1036 915 1246 960 Fabiorum
1265 917 1481 974 patrocinio
1499 915 1695 959 civitatem
1712 915 1902 959 Allobro·

219 986 316 1049 'gum
331 1007 336 1011 ·
351 990 568 1051 plurimum
597 990 706 1035 usam
735 989 810 1036 effe
834 985 884 1035 eir
908 989 1086 1034 Sallustio
1100 995 1151 1052 p)
1189 994 1394 1046 novimus3
1423 993 1464 1033 δι
1494 988 1825 1035 Lacedaemonios
1855 995 1900 1035 in

217 1065 500 1117 Claudiorum·
538 1056 770 1112 Puteolanos
803 1071 845 1111 in
886 1065 1129 1112 caffiorum:
1210 1065 1360 1110 Siculos
1391 1069 1434 1109 in
1464 1063 1774 1119 Marcellorum,
1805 1064 1900 1111 dein

218 1138 471 1208 Scipionum,
487 1131 629 1206 postea
646 1142 925 1195 Metellorum,
954 1145 997 1186 ὅτ.
1017 1140 1179 1186 demum
1194 1144 1311 1185 etiam
1332 1143 1375 1184 in
1393 1142 1595 1184 Ciceronis
1615 1135 1792 1186 clientela
1801 1137 1897 1185 fuis·

217 1211 284 1265 se,
313 1215 471 1272 Cottius
488 1216 533 1279 q')
565 1208 786 1272 annotavit,
814 1205 1036 1279 idoneisque
1066 1227 1251 1261 autorum
1272 1193 1500 1275 testimoniis
1528 1215 1801 1262 confirmavit.
1837 1214 1893 1261 fic

219 1291 428 1349 Capuanos
446 1293 691 1337 Ciceronem
699 1282 908 1367 patronum
915 1287 1128 1346 habuisse,
1160 1295 1272 1353 eique
1297 1291 1458 1335 statuam
1485 1294 1704 1336 inauratam
1729 1289 1894 1352 posuiss'e

216 1361 298 1423 ipse
311 1370 356 1420 r)
396 1366 545 1424 prodin'
603 1371 730 1427 Atque
745 1368 942 1428 postrema
971 1371 1066 1411 haec
1091 1378 1352 1427 patronorum
1382 1366 1534 1410 Siciliae
1563 1366 1768 1443 exempla,
1797 1365 1895 1411 ideo

216 1440 335 1480 etiam
360 1441 633 1488 memorabilia
653 1440 764 1495 suut,
766 1442 897 1519 quod
919 1441 1150 1508 ostendunt,
1179 1445 1222 1485 δι
1237 1442 1411 1505 plebeios
1419 1444 1604 1503 origine,
1630 1442 1762 1500 quales
1781 1443 1895 1485 Mar-

213 1510 322 1564 celli,
351 1527 396 1575 ac
418 1513 623 1580 Scipiones
635 1500 773 1567 fuere,
801 1511 844 1558 ἆ
863 1530 989 1559 novos
1006 1498 1112 1558 adeo
1122 1514 1328 1576 homineS,
1369 1512 1495 1571 qualis
1514 1514 1656 1556 Cicero
1681 1512 1781 1567 fuit,
1822 1529 1891 1574 pa-

206 1580 347 1622 'ttonos
365 1580 692 1645 provinciarum,
696 1575 758 1631 J&
778 1572 982 1627 socia'nim
995 1581 1197 1625 civitatum
1210 1581 1354 1627 eleetos
1372 1583 1470 1637 effe,
1490 1580 1609 1644 ioque
1623 1598 1722 1644 puto
1749 1592 1889 1635 innue-

207 1661 251 1700 re
269 1653 372 1716 velle
389 1643 654 1718 Dionyfium',
683 1671 779 1701 eum
799 1653 928 1702 ¹'dican
967 1639 1135 1729 potuisse
1165 1652 1285 1700 socias
1324 1660 1495 1701 civitates
1536 1656 1609 1702 fibi
1635 1675 1658 1704 e
1689 1661 1889 1708 Romanis

203 1741 394 1793 patronos
407 1730 537 1792 legere
554 1747 658 1794 quos
690 1731 846 1778 vellent.
877 1750 962 1793 non
990 1737 1098 1778 enim
1128 1735 1308 1794 patricios
1335 1731 1452 1784 dicit,
1495 1727 1561 1776 sed
1590 1750 1689 1794 quos
1715 1734 1884 1784 vellent.

204 1807 368 1867 Qare'
355 1822 398 1848 ιιι
413 1804 491 1866 ipsa
508 1823 667 1869 quoque
696 1808 815 1861 urbe,
841 1812 921 1866 jam
939 1808 1007 1853 diu
1024 1826 1108 1854 non
1135 1811 1314 1868 patricios
1337 1806 1467 1864 solos,
1504 1825 1642 1854 verum
1670 1817 1750 1869 jam
1776 1812 1882 1868 inde,

191 1893 256 1946 ,ex
283 1895 364 1944 quo
379 1879 598 1940 promiscui
618 1879 728 1928 effe
719 1878 934 1945 coeperunt
949 1884 1193 1949 magistratus
1211 1881 1442 1943 superiores,
1471 1896 1516 1929 ut
1531 1876 1607 1930 alia
1624 1891 1881 1965 patriciorum

205 1949 289 1997 'iura
307 1948 448 2022 senfim
468 1974 558 2002 cum
579 1958 691 2019 plebe
707 1964 1019 2020 communicata
1027 1953 1135 2012 suut,
1176 1963 1229 2002 ita
1259 1959 1408 2014 credo,
1458 1965 1500 2006 ἀ
1528 1963 1700 2022 plebejos
1726 1970 1881 2027 origine

203 2028 387 2075 homines
402 2036 519 2080 etiam
537 2046 728 2095 patronos
748 2034 828 2098 legi
850 2021 1038 2098 potuistis,
1053 2034 1243 2080 &ledes
1277 2039 1413 2099 utique
1438 2034 1527 2082 effe.
1587 2041 1728 2102 Neque
1751 2041 1791 2087 id
1811 2058 1879 2087 an-

202 2101 361 2155 notasse
370 2111 501 2170 piget.
532 2110 701 2158 devidlas
727 2113 962 2176 plerumque
983 2115 1178 2165 civitates,
1217 2109 1321 2173 ipsos
1357 2128 1379 2155 a
1406 2114 1542 2173 quibus
1566 2114 1740 2163 devictae
1770 2130 1878 2164 erant

200 2179 452 2239 imperatores
470 2188 701 2241 Romanos,
731 2187 921 2250 patronos
946 2187 1092 2248 eligere
1108 2186 1201 2239 fibi,
1238 2185 1375 2233 solitos
1403 2186 1529 2234 fuiffe.
1560 2191 1602 2236 id
1629 2198 1738 2238 enim
1765 2197 1875 2241 Cice-

199 2264 247 2309 !’0
262 2257 306 2312 δ’)
338 2256 474 2307 diserte
490 2264 668 2312 testatur:
693 2271 740 2312 in
754 2282 839 2331 quo.
859 2263 925 2322 (sc.
944 2280 996 2311 ne
1007 2261 1152 2310 hostile
1170 2262 1262 2326 quid
1281 2267 1323 2309 in
1339 2280 1406 2309 eos
1423 2267 1492 2327 qui
1513 2262 1553 2310 se
1572 2265 1790 2325 dediderint
1797 2269 1872 2315 ssa·

1731 2355 1868 2392 (untur

1243 2404 1282 2452 p)
1304 2399 1345 2439 in
1366 2399 1534 2441 Catilina.
1560 2414 1592 2444 c.
1609 2413 1665 2450 ⁴¹·

264 2423 267 2425 -
294 2392 334 2439 ⁰)
357 2395 396 2431 i¹¹
413 2398 582 2446 Augusto.
599 2413 632 2440 e.
652 2415 666 2438 ι

292 2442 334 2489 1)
359 2443 403 2482 nd
420 2446 571 2488 Sallustii
572 2412 705 2490 Catil.
717 2450 743 2490 l.
759 2463 789 2492 e,
806 2450 838 2502 §.
854 2462 890 2498 4.
913 2450 952 2490 in
968 2450 1076 2489 notis

292 2496 469 2577 :gratu
490 2500 530 2559 in
548 2498 766 2601 ἷίίιιιιιεειιιιι.
726 2515 758 2539 e.
773 2516 827 2547 u,
850 2504 889 2579 ’ἁ
905 2509 987 2590 pro
1002 2499 1124 2543 Sextio
1147 2512 1178 2538 c.
1199 2501 1239 2549 4.“
