2530 3122
123 3096 141 3122 μ’
138 3009 140 3011 .

222 2972 249 2993 ²0,-

707 279 830 346 xu
1258 283 1846 368 fiam·
1728 286 1804 292 -·

839 421 1036 471 Uberam,
1056 415 1267 474 Dionyfius
1293 417 1432 476 inquit,
1453 414 1662 460 aRomulo
1670 416 1828 477 plebeiis
1838 413 2045 480 optionem
2063 412 2276 465 coneess'am
2292 418 2387 476 effe,

720 507 763 541 ut
778 509 1050 556 quemcunque
1071 494 1277 534 ePatriciis
1297 490 1445 534 vellent
1468 489 1674 551 patronum
1699 490 1769 535 fibi
1798 494 1996 555 eligerent.
2065 499 2161 540 Eam
2196 496 2377 556 equidem

718 570 896 631 intelligo
917 573 1119 630 optionem
1133 602 1144 620 ,
1170 583 1253 610 non
1273 582 1322 610 eo
1343 563 1472 611 solum
1490 563 1597 610 sensu
1614 566 1777 612 liberum
1796 564 1930 621 fluisse,
1958 578 2001 614 ut
2026 577 2173 616 nemini
2192 568 2384 632 patronus

719 645 989 687 obtruderetur
1006 658 1121 702 quem
1139 643 1290 694 nollet,
1315 640 1448 686 sedita
1477 647 1614 696 etiam,
1654 660 1707 688 ne
1725 648 1894 689 omnino
1925 638 2132 705 patronum
2166 647 2236 690 fibi
2253 647 2384 707 legere

720 730 958 779 cogerentur
974 722 1024 769 ii,
1055 721 1120 777 qui
1142 733 1208 777 per
1227 714 1263 759 se
1280 717 1421 776 absque
1438 719 1590 775 patroni
1612 733 1690 777 ope
1707 716 1747 762 se
1765 718 1850 763 satis
1873 729 1975 763 tutos
1995 721 2273 765 arbitrarentur.
2302 722 2383 764 Sub

718 795 874 855 regibus
893 790 1081 852 quidem,
1110 795 1152 836 ὅ(
1176 794 1338 835 recentis
1359 785 1485 835 adhuc
1510 791 1744 861 reipublicae
1758 793 1902 838 liberae
1920 805 2123 854 tempore,
2153 811 2296 856 paucos
2304 810 2385 840 cre·

720 869 774 912 do
793 869 963 929 plebeios
982 864 1118 918 fuisse,
1158 870 1226 925 qui
1259 866 1417 909 nullum
1447 866 1472 909 s
1477 868 1512 909 bi
1538 881 1561 910 e
1590 856 1761 928 patribus
1788 873 1994 930 patrorum]
2022 866 2221 928 legissent,
2259 868 2385 928 quod,

719 947 809 1005 qui,
833 943 936 987 [ediis
951 959 972 985 a
996 942 1172 986 Romulo
1192 954 1348 985 centum
1366 939 1557 1002 patribus,
1586 947 1633 986 in
1655 942 1723 987 illa
1744 948 1840 988 novi
1861 945 1997 1005 populi
2029 943 2194 987 colluvie
2219 939 2388 1002 stiperes·

718 1017 825 1071 sent,
858 1032 998 1061 omnes
1015 1016 1119 1060 haud
1146 1016 1257 1062 dubie
1281 1032 1467 1078 pauperes
1506 1021 1546 1062 ἀ
1573 1022 1774 1063 tenuiores
1805 1030 1926 1063 erant.
1999 1020 2050 1061 At
2074 1012 2240 1076 postea,'·
2254 1014 2387 1060 forsan

718 1097 796 1137 iam
819 1091 911 1136 inde
931 1107 953 1134 a
971 1094 1093 1134 Servii
1122 1095 1225 1151 regis
1254 1103 1448 1150 tempore,
1470 1090 1618 1136 viluisse
1649 1093 1854 1152 paullatim
1876 1095 1955 1135 hoc
1978 1092 2141 1135 Romuli
2170 1091 2385 1134 institutum

720 1167 901 1213 existimo
919 1201 931 1219 ‚
966 1177 1080 1226 atque
1097 1167 1307 1226 opulentos
1328 1166 1524 1226 plebeios,
1563 1166 1600 1212 se
1622 1172 1664 1211 in
1689 1171 1941 1228 patriciorum
1970 1165 2249 1210 commendare
2268 1165 2389 1209 clien-

720 1244 838 1288 telam
860 1242 1086 1301 dedignari,
1114 1245 1154 1286 ὅ(
1173 1257 1242 1301 per
1261 1241 1379 1285 alium
1397 1239 1435 1285 se
1454 1246 1574 1295 tueri,
1602 1241 1897 1289 subindeetiam
1917 1238 2218 1287 defor‘me‘adeo
2235 1244 2276 1286 ὅ(
2297 1257 2390 1302 pro·

721 1320 793 1363 bro
814 1317 880 1360 fibi
901 1318 1043 1360 habere
1064 1313 1248 1377 coepisse.
1308 1320 1551 1378 Argumenta
1566 1334 1683 1379 quae,
1697 1318 1745 1361 sm
1772 1322 1821 1362 ita
1844 1312 2015 1369 sentiam
2035 1332 2100 1361 me
2129 1326 2386 1360 commovent

721 1393 803 1439 fere
821 1395 917 1437 haec
946 1390 1043 1436 sunt.
1103 1395 1146 1435 ln
1166 1392 1231 1435 illa
1250 1391 1354 1453 apud
1383 1392 1619 1450 Dionyfium
1640 1398 1679 1451 c)
1697 1397 1899 1446 oratioue,
1944 1410 2073 1453 quam.
2089 1395 2259 1453 Appium
2269 1392 2390 1434 Clau-

722 1468 857 1523 dium,
883 1466 985 1512 fadla
1004 1470 1130 1529 prima
1150 1467 1271 1528 plebis
1290 1472 1330 1511 in
1349 1479 1530 1512 montem
1546 1467 1696 1513 sacrum
1716 1466 1946 1521 seceffione‚
1984 1471 2024 1511 in
2051 1469 2192 1512 Senatu
2211 1462 2392 1525 ‚habuiss’e

719 1532 916 1601 perhibet,
945 1555 1024 1587 eo,
1050 1552 1092 1578 ut
1109 1541 1309 1579 moderata
1322 1542 1501 1579 Menenii
1510 1546 1719 1598 Agrippae
1739 1541 1941 1584 leniendae
1963 1541 2082 1596 plebis
2100 1538 2259 1588 consilia
2276 1536 2392 1580 refel-

723 1615 844 1666 leret,
868 1617 971 1654 inter
992 1608 1064 1650 alia
1079 1613 1226 1667 Appius
1251 1605 1494 1650 dissuadendi
1513 1618 1767 1666 argumenta,
1804 1607 1876 1649 illo
1894 1610 2009 1650 etiam
2027 1610 2169 1653 utitur.
2203 1612 2330 1652 vereri
2350 1609 2389 1653 se

723 1693 882 1748 utique,
922 1700 996 1737 ne,
1038 1681 1068 1725 fi
1086 1686 1201 1726 iratae
1220 1682 1322 1742 plebi
1339 1680 1519 1725 cederent
1535 1692 1681 1740 patres,
1727 1681 1929 1742 postremo
1955 1682 2050 1724 urbe
2073 1681 2144 1741 ipfi
2174 1682 2384 1742 pellantur,

725 1756 1098 1825 quemadmodum
1087 1775 1128 1801 m
1147 1755 1230 1802 aliis
1249 1757 1380 1802 multis
1400 1757 1635 1807 civitatibus,
1670 1760 1713 1802 ὅ(
1742 1756 1948 1802 noviffime
1971 1756 2163 1813 Syracusis
2190 1758 2385 1832 acciderit,

723 1841 788 1883 ubi
806 1849 994 1897 agrorum
1015 1828 1244 1893 possessores
1263 1830 1505 1893 (γεωμέςω)
1538 1847 1558 1874 3
1585 1831 1736 1874 colonis
1762 1829 1839 1875 suis
1863 1832 2062 1876 clientibus
2083 1833 2202 1894 (πςὲς
2221 1853 2300 1881 των
2316 1852 2392 1884 qn·

725 1916 889 1963 Roas-mv,
896 1913 922 1968 )
951 1908 1049 1970 pulfi
1074 1903 1206 1951 effent.
1275 1910 1337 1951 Ex
1367 1906 1434 1951 illa
1462 1906 1700 1949 colonorum
1730 1902 2062 1963 Syracusanorum
2087 1906 2135 1950 ad
2160 1908 2316 1952 clientes
2344 1912 2388 1952 ὅ(

723 1989 880 2049 plebem
896 1987 1172 2029 Romanorum
1192 1980 1292 2024 faeta
1311 1985 1603 2041 comparatione
1626 1980 1822 2041 probabile
1834 1980 1901 2032 fit,
1931 1979 2043 2024 etiam
2058 1984 2260 2025 Romanos
2272 1984 2391 2025 clien-

724 2077 778 2109 tes
798 2061 968 2106 colonos
991 2068 1141 2101 tantum
1161 2053 1297 2110 fuiffe,
1326 2060 1366 2100 ἀ
1388 2058 1568 2116 patricios
1590 2071 1724 2116 agrum
1752 2058 1981 2113 Romanum.
2016 2055 2100 2101 sere
2129 2056 2234 2100 solos
2265 2056 2390 2118 posse-

723 2136 843 2190 disse,
869 2138 1028 2194 eiusque
1050 2136 1105 2177 rei
1131 2131 1234 2175 aliud
1257 2144 1526 2191 argumentum
1546 2135 1749 2175 acerrimas
1767 2131 1866 2186 illas,
1889 2131 2068 2191 alegibus
2084 2137 2238 2189 agrariis
2253 2130 2387 2193 postea

725 2227 826 2268 inter
851 2224 1058 2269 utrumque
1075 2207 1256 2252 ordinem
1268 2218 1446 2257 coortas,
1490 2210 1760 2250 contentiones
1788 2204 1862 2251 effe
1889 2207 2066 2250 arbitror.
2146 2208 2191 2248 ln
2220 2206 2283 2252 lite
2306 2208 2387 2268 illa,

719 2306 839 2352 qiam
859 2290 921 2332 M.
942 2283 1132 2329 Claudius
1153 2287 1267 2342 Appii
1285 2285 1511 2326 Decemviri
1548 2281 1686 2334 cliens,
1709 2297 1845 2326 coram
1863 2278 1947 2341 ipso
1981 2279 2053 2321 illo
2073 2282 2223 2339 Appio,
2263 2284 2392 2341 Virgi-

723 2369 810 2407 uiae
829 2362 1062 2407 intentabat,
1101 2369 1143 2401 ut
1168 2361 1363 2416 virginem
1388 2360 1603 2415 ingenuam
1632 2360 1672 2398 in
1707 2354 1930 2400 servitutem
1954 2351 2188 2405 vindicaret,
2221 2368 2384 2415 eantque

724 2438 773 2482 de
776 2437 865 2483 inde
883 2439 1035 2496 percito
1055 2447 1191 2475 amore
1206 2436 1286 2475 eius
1305 2432 1540 2475 Decemviro
1561 2430 1746 2485 traderet,
1776 2431 1842 2475 ille
1851 2428 1985 2473 fidiam
2002 2427 2138 2491 issam,
2165 2445 2248 2474 non
2269 2445 2383 2488 argu·

857 2551 862 2554 .
1029 2529 1032 2531 Α
2246 2508 2388 2554 mentis

828 2571 868 2619 e)
890 2567 1008 2615 Antiq.
1029 2568 1133 2604 Rom.
1151 2564 1216 2602 lib.
1244 2566 1277 2600 6.
1298 2574 1336 2611 p.
1351 2575 1402 2606 m.
1418 2568 1488 2607 388·
