2530 3122
808 289 1012 350 xvm
1365 291 1952 367 φπεεῇεψ--ἢ

815 441 932 471 mur:
958 427 997 480 s)
1058 422 1107 466 Et
1127 420 1188 466 M.
1210 419 1322 465 Atilii
1343 418 1485 479 Reguli
1505 418 1734 481 exemplum
1760 423 1797 478 t)
1827 426 1919 481 qui,
1949 437 2040 466 cum
2068 426 2110 466 in
2141 419 2272 466 Africa
2290 420 2505 485 insolentis-

816 501 934 545 fimae
953 499 1204 559 Carthaginis
1233 513 1330 559 opes
1358 496 1500 541 crebris
1519 497 1693 541 victoriis
1726 499 2007 553 contunderet,
2037 517 2082 544 ac
2102 512 2359 562 prorogatum
2371 500 2436 544 fibi
2448 501 2501 544 ob

810 590 871 619 res
886 576 987 619 bene
1013 573 1139 635 gestas
1173 578 1216 617 in
1236 577 1470 634 proximum
1491 588 1640 616 annum
1661 577 1873 635 imperium
1910 573 2137 638 cognosset,
2175 574 2396 620 cousulibus'
2410 572 2504 618 serl-

811 651 909 712 psit:
943 650 1116 694 villicum
1137 652 1180 694 in
1199 649 1354 711 agello,
1382 666 1500 711 quem
1520 647 1665 710 septem
1675 654 1856 712 jugerum
1875 657 1918 696 in
1938 657 2097 715 Pupinia
2108 653 2285 705 habebat,
2297 663 2502 696 mortuum

814 725 914 780 esse,
941 725 1272 788 occasionemque
1291 726 1452 771 uadum
1477 731 1791 783 mercenarium,
1814 741 1952 775 amoto
1981 729 2074 775 inde
2106 730 2248 776 rustico
2275 730 2505 775 instrumen-

813 817 856 848 to
875 799 1100 856 discessisse,
1130 803 1299 864 ideoque
1332 815 1486 863 petere,
1513 817 1555 848 ut
1575 804 1641 848 fibi
1660 802 1854 852 success'or
1882 812 2124 862 mitteretur,
2148 825 2197 853 ne
2229 803 2380 852 deserto
2406 820 2505 865 agro

814 898 900 926 non
910 877 1024 934 esset,
1052 879 1155 924 unde
1167 897 1271 923 uxor
1290 897 1334 922 ac
1354 879 1462 924 liberi
1473 879 1528 925 sui
1550 883 1768 938 alerentnr3
1789 900 1889 943 quae
1899 885 2105 945 postquam
2115 887 2274 929 Senatus
2286 899 2309 924 a
2324 878 2430 925 Coss.
2439 897 2501 922 ac-

815 958 942 1016 eepit‚
972 960 1013 1001 ὅ(
1034 972 1176 1016 agrum
1196 956 1304 1000 Atilii
1323 955 1428 999 illico
1449 958 1660 1003 colendum
1684 959 1833 1015 locari,
1857 962 1898 1004 ὅ(
1918 959 2100 1005 alimenta
2118 950 2300 1020 coniugi,
2336 974 2381 1001 ac
2408 957 2506 1001 libe-

813 1037 869 1077 ris
889 1034 1087 1093 praeberi,
1116 1049 1259 1094 resque
1278 1050 1370 1095 quas
1393 1031 1597 1088 amiserat,
1622 1034 1761 1079 redimi
1780 1035 1935 1097 publice
1946 1034 2067 1081 iuffit:
2127 1035 2196 1078 llla
2212 1041 2309 1096 ergo
2321 1031 2505 1092 exempla

814 1122 1049 1175 argumento
1067 1112 1167 1155 mihi
1185 1108 1272 1154 sunt
1286 1145 1298 1163 ,
1320 1122 1363 1155 ut
1380 1110 1627 1165 existimem,
1654 1111 1782 1164 nulla,
1813 1123 1898 1156 tum
1916 1125 2043 1165 certe,
2087 1128 2137 1157 ne
2159 1110 2320 1157 summis
2342 1109 2503 1172 quidem

813 1186 1099 1246 magistratibus
1115 1223 1126 1240 ,
1154 1187 1318 1248 gerendi
1337 1192 1511 1232 muneris
1533 1187 1641 1231 causa
1655 1187 1788 1233 salaria
1807 1205 1852 1231 ac
1875 1187 2060 1250 stipendia
2081 1185 2220 1239 fuisse,
2263 1186 2328 1231 sed
2344 1184 2507 1236 sumtus,

813 1254 1041 1325 quos-reip.=
1055 1261 1166 1307 causa
1187 1263 1415 1324 impendere
1433 1279 1534 1323 opus
1555 1264 1740 1308 haberent
1753 1298 1765 1317 ,
1788 1269 1980 1309 aerarium
1999 1262 2234 1325 praebuisse,
2268 1276 2382 1322 atque
2395 1262 2508 1321 praeL

813 1330 888 1385 mii
914 1339 1038 1392 loco,
1068 1355 1136 1382 eos
1156 1338 1325 1400 praedae
1343 1339 1521 1383 militaris
1543 1356 1617 1402 pro
1637 1338 1677 1385 se
1698 1357 1857 1403 quoque
1883 1352 2059 1404 partem,
2085 1339 2203 1385 ficubi
2229 1338 2387 1401 reliquis
2416 1336 2506 1383 caui

815 1416 1003 1479 militibus
1026 1415 1267 1467 dividerent,
1298 1433 1435 1476 capere
1455 1421 1593 1476 utique
1611 1414 1803 1475 potuisse,
1835 1433 1918 1477 quo
1944 1422 2027 1461 iure
2045 1415 2404 1477 fiiosaepequinero
2420 1427 2507 1456 non

815 1491 1048 1538 utebantur,
1071 1488 1137 1531 sed
1155 1508 1207 1534 ne
1224 1490 1393 1534 invidiae
1413 1489 1507 1532 effer
1521 1525 1534 1535 .
1566 1491 1628 1532 vel
1651 1495 1847 1545 integram
1869 1497 1913 1534 iu
1928 1498 2123 1537 aerarium
2148 1491 2333 1550 praedam
2361 1486 2508 1531 inferre

813 1565 877 1612 vel
896 1574 1024 1608 totam
1044 1560 1228 1606 militibus
1247 1558 1478 1604 distribuere
1493 1561 1622 1618 potius
1638 1559 1876 1608 habuerunt·
1936 1564 2067 1619 Atque
2084 1578 2171 1607 eam
2192 1567 2414 1619 primorum
2425 1575 2511 1606 ma·

814 1625 1046 1703 ¹gistratuum
1067 1636 1341 1679 conditionem
1365 1628 1622 1676 commovisse
1642 1633 1862 1675 Romulum
1881 1648 1994 1684 reor,
2027 1644 2069 1675 ut
2087 1637 2129 1675 in
2150 1635 2217 1678 illa
2233 1638 2395 1677 civitatis
2415 1633 2504 1678 suae

815 1707 1064 1780 paupertate,
1095 1711 1297 1757 clientibus
1319 1707 1361 1754 id
1379 1707 1558 1754 officiuin
1581 1726 1674 1769 erga
1691 1721 1878 1769 patronos
1897 1713 2120 1770 imponeret
2134 1746 2148 1762 ,
2172 1704 2175 1707 ⁵
2197 1723 2240 1755 ut
2257 1715 2326 1771 qui
2345 1711 2501 1770 publice

816 1792 939 1857 plebis
959 1794 1002 1836 ὅ(
1018 1787 1159 1852 populi
1176 1801 1312 1831 curam
1333 1795 1540 1846 gererent,
1572 1800 1640 1829 eos
1663 1781 1875 1829 neceffario
1891 1782 1962 1846 ipfi
1988 1783 2144 1847 sumptu
2161 1788 2349 1830 iuvarent.

957 1923 1172 1972 Recenfitis
1190 1922 1294 1970 hisce
1315 1928 1459 1969 mutuis
1480 1934 1744 1984 patronorum
1770 1927 1812 1967 &
1842 1923 2044 1967 clientium
2065 1922 2226 1977 officiis,
2257 1919 2504 1967 Halicarnass

813 2002 932 2050 'seniis
951 2007 1180 2048 communia
1204 2007 1378 2062 utrisque
1397 1998 1616 2060 subiungit:
1647 2034 1674 2052 ‚‚
1691 2000 1884 2045 ne·a1teris
1902 1997 2080 2044 accusare
2097 2000 2260 2045 alteros:
2290 2016 2351 2043 ne.
2364 1998 2500 2042 adver-

820 2081 945 2138 „sum
965 2082 1098 2125 dicere
1116 2080 1384 2125 testimonium
1403 2068 1555 2120 ferreve
1571 2072 1798 2136 suffragium
1825 2074 1884 2119 fas
1904 2079 1944 2119 ἀ
1961 2078 2018 2120 ius
2042 2073 2152 2121 essttx
2183 2089 2303 2136 utque
2315 2079 2415 2117 inter
2429 2076 2502 2118 ini-

821 2194 849 2213 „
862 2163 987 2202 micos
1009 2154 1154 2199 censeri
1173 2154 1401 2215 improbum
1420 2154 1661 2198 haberetur.“
1692 2156 1741 2210 u)
1800 2153 2037 2213 Exemplum
2061 2151 2110 2196 ad
2122 2155 2292 2213 primum
2311 2155 2352 2194 ὅ(
2367 2148 2502 2200 semm-

821 2236 921 2281 dum
944 2236 1093 2279 horum
1110 2229 1338 2276 officiorum
1364 2232 1561 2292 pertinens
1579 2229 1696 2286 Cajus
1717 2226 1931 2292 imperstor
1953 2230 2152 2293 praebuit,
2184 2231 2274 2290 qui,
2301 2239 2342 2271 ut
2360 2230 2499 2271 Sueto-

2415 2319 2502 2349 mut

925 2437 956 2478 s)
981 2433 1089 2469 DIon.
1121 2431 1203 2469 Hal.
1230 2430 1255 2468 Ι.
1277 2431 1321 2469 Χ.
1341 2431 1382 2468 A.
1398 2429 1442 2470 R.
1465 2441 1501 2480 p.
1520 2443 1568 2468 m,
1587 2432 1674 2474 644.
1930 2429 1965 2475 t)
1990 2427 2069 2466 val.
2088 2429 2182 2469 Max.
2200 2426 2224 2465 1.
2252 2430 2298 2475 4:
2314 2440 2346 2466 t.
2365 2438 2404 2473 4.

928 2511 966 2551 u)
990 2501 1095 2538 Dion.
1111 2488 1241 2551 Halssp.
1256 2495 1319 2547 '84ss
1363 2490 1473 2541 νκοὶνῖί
1490 2487 1530 2538 δὲ
1550 2491 1800 2550 ἀμφοτέροις
1833 2490 1927 2539 οὗτε
1941 2483 2045 2537 ιἷέσιον
2070 2489 2164 2538 οὔτε
2181 2489 2304 2549 θέμις·
2320 2485 2363 2542 ἧν
2371 2503 2501 2540 κατη-

997 2556 1125 2613 «γοςᾷν
1152 2550 1352 2605 ἀλλήλων
1380 2554 1449 2600 ἐπὶ
1473 2548 1626 2603 δίκαις,
1661 2551 2062 2614 ἢκοιτοιμοιρτυςᾶν,
2101 2550 2126 2609 ἢ
2145 2550 2289 2615 ψῆφον
2313 2550 2501 2600 s'mvrlaev

996 2613 1220 2676 ἐπιφέρειν,
1253 2612 1277 2668 ἢ
1286 2615 1405 2673 ,acroi
1425 2620 1505 2663 τῶν
1522 2613 1686 2678 ἐχθρῶν
1712 2612 2006 2677 §irriges-90⁶¹·
2194 2613 2198 2617 ⁵
