2530 3122
759 274 973 337 xxlv,
1311 277 1896 358 ‘uffae-ww

763 416 940 474 gentium
958 423 1127 454 numero
1152 404 1363 469 adscriptae
1385 406 1584 461 familiae,
1612 398 1822 469 'potentiae
1843 406 2082 468 potiffimum
2117 414 2159 456 ὅ(
2195 410 2454 475 magnificem*-

764 493 841 533 tiae
860 485 1011 540 fludio,
1050 484 1247 530 clientelas
1269 495 1526 546 quaererent,
1549 497 1591 530 ut
1609 483 1946 546 quemadmodum
1966 488 2126 548 opibus,
2152 487 2301 544 domo,
2339 497 2452 552 para.'

761 577 805 610 tu
825 562 1043 627 speciosae,
1070 568 1123 608 ita
1145 566 1186 608 &
1204 579 1274 624 per
1292 578 1443 607 nomen
1465 566 1507 607 &
1526 560 1718 607 clientelas
1739 561 1965 610 illustriores
1983 565 2218 611 haberentur
2230 566 2275 626 k)

900 717 1032 756 Antea
1056 721 1188 754 tamen
1208 723 1326 771 quam
1345 710 1388 751 in
1408 706 1520 752 illam
1545 706 1742 753 luxuriam
1770 708 2098 769 prolaberentur,
2137 712 2279 773 ingens
2304 711 2396 756 huie
2415 713 2457 754 iu

764 788 933 834 deterius
951 787 1075 833 factae
1094 789 1301 836 mutationi
1328 797 1580 831 momentum
1614 776 1663 829 ab
1694 789 1790 830 ortis
1820 787 2098 842 coloniarum,
2137 787 2458 849 devic‘larumque

764 867 920 910 urbium
936 901 948 920 ‚
976 869 1018 910 ὅ(
1041 866 1246 908 nationum
1265 865 1490 923 patrociniis
1503 899 1514 917 ‚
1538 862 1732 921 adjectum
1750 859 1829 908 esse
1838 863 2026 926 equidem
2045 864 2175 909 credo.
2236 867 2300 908 De
2320 865 2378 907 his
2389 878 2459 907 ex-

761 952 942 985 terorum
960 939 1150 986 clientelis
1169 937 1402 996 Dionyfius:
1430 941 1472 988 l)
1503 975 1529 994 „
1545 956 1617 984 nec
1636 952 1789 985 tanturn
1816 944 1944 1003 inquit
1963 944 2006 985 in
2034 938 2112 1002 ipsa
2141 940 2238 984 urbe
2263 939 2370 999 plebs
2390 936 2457 982 snb

767 1021 1064 1078 „patriciorum
1085 1027 1170 1060 erat
1190 1019 1441 1077 patrocinio,
1469 1014 1533 1059 sed
1550 1020 1597 1073 .&
1622 1017 1872 1060 coloniarum
1891 1051 1903 1069 ,
1949 1021 1991 1061 δε
2019 1014 2212 1060 sociarum
2242 1019 2459 1069 civitatum.

761 1098 840 1147 „&
859 1093 965 1137 bello
989 1092 1258 1145 subactarum,
1282 1089 1374 1136 suos
1395 1108 1571 1153 quaeque
1590 1094 1754 1138 habebat
1773 1104 1924 1137 tutores
1954 1109 1999 1136 ac
2022 1105 2208 1153 patronos
2224 1127 2236 1146 ,
2262 1108 2458 1153 quoscun-

761 1203 789 1223 ,‚
801 1186 879 1230 que
901 1168 1016 1215 vellet
1034 1187 1057 1214 e
1078 1171 1314 1216 Romanis.“
1374 1170 1439 1213 De
1464 1168 1599 1213 eadem
1619 1184 1782 1230 quoque
1799 1185 1842 1213 re
1856 1169 2096 1231 praeclarum
2113 1168 2169 1213 est
2187 1168 2459 1213 testimonium

763 1247 973 1291 Ciceronis
1002 1250 1058 1303 m)
1087 1243 1344 1299 „studebant‚
1375 1248 1451 1300 ait,
1481 1243 1727 1306 magistratus
1745 1247 1943 1298 Romani,
1967 1248 2298 1307 imperatoresque
2317 1260 2365 1289 ex
2383 1247 2458 1289 hac

764 1339 878 1376 „una
899 1339 939 1367 re
959 1326 1177 1366 maximam
1197 1321 1355 1367 laudem
1373 1336 1533 1383 capere,
1563 1320 1594 1364 fi
1612 1325 1857 1382 provincias,
1888 1321 1916 1366 fi
1941 1319 2067 1367 socios
2093 1327 2288 1384 aequitate
2310 1325 2353 1368 ὅ(
2375 1320 2458 1367 fide

765 1395 1074 1454 ·‚‚defendiffeut.
1137 1403 1270 1460 ltaque
1294 1398 1391 1443 illud
1423 1402 1688 1459 patrocinium
1717 1400 1822 1443 orbis
1849 1410 1972 1443 terrae
1993 1403 2120 1444 verius
2141 1434 2153 1454 ,
2194 1416 2315 1460 quam
2335 1402 2458 1459 impe-

764 1478 904 1528 „rium
923 1485 1078 1534 poterat
1094 1477 1338 1518 nominari.“
1403 1472 1466 1517 Ad
1485 1489 1653 1530 corpora
1673 1489 1833 1532 quoque
1851 1477 2168 1534 negotiatorum,
2195 1478 2237 1519 ὅ(
2258 1474 2455 1518 artificum

762 1550 954 1611 collegia,
982 1546 1143 1594 tandem
1163 1545 1270 1590 idem
1288 1543 1508 1598 institutum
1535 1543 1760 1602 proceffiss'e'
1783 1549 2031 1604 invenimus,
2072 1564 2163 1592 cum
2190 1548 2345 1592 nullum
2374 1545 2459 1592 fere

764 1641 908 1669 eorum
925 1620 1042 1672 effet,
1066 1621 1179 1681 quod
1213 1635 1297 1663 non
1330 1629 1516 1677 patronos
1544 1613 1615 1658 fibi
1641 1617 1863 1659 Romanam
1883 1614 2084 1675 quandam
2117 1616 2312 1663 familiam
2339 1623 2460 1681 adop-

763 1697 883 1746 tass‘et.
945 1695 1141 1756 Exempla
1160 1690 1357 1738 eiusmodi
1376 1702 1637 1753 patronorum
1659 1725 1672 1744 ‚
1698 1706 1748 1735 ex
1768 1691 1997 1753 corporibus
2036 1689 2336 1758 Inscriptionum
2368 1698 2459 1743 Rei-

763 1775 882 1830 nefii,
915 1772 1134 1834 &lGruteri
1153 1769 1342 1820 collecta,
1377 1766 1512 1813 videre
1539 1766 1619 1821 est,
1652 1766 1752 1829 apud
1787 1770 2058 1815 Heineccium.
2085 1777 2142 1831 n).
2211 1772 2327 1827 Alia,
2358 1789 2458 1835 quae

761 1855 863 1899 mihi
879 1859 1067 1895 annotata
1109 1843 1220 1899 sunt,
1248 1843 1327 1905 ipse
1348 1841 1572 1905 proferam,
1605 1841 1831 1905 praesertim
1866 1861 1958 1890 cum
1989 1845 2320 1894 observationibus
2357 1867 2459 1896 non-

761 1928 882 1975 nullis
900 1923 1111 1972 inserviant
1129 1956 1143 1977 ,
1170 1936 1275 1983 quae
1296 1918 1446 1965 etiamsi
1465 1918 1572 1964 haud
1590 1935 1745 1976 novae,
1782 1937 1916 1983 neque
1940 1933 2073 1967 tamen
2092 1924 2240 1969 alienae
2258 1938 2322 1970 aut
2338 1930 2455 1972 inuti-

764 2004 821 2051 les
839 2003 1086 2049 videbuntur.
1147 1996 1517 2054 ‚,Bon0nienfibus,
1543 1995 1762 2058 Augustum
1781 1997 1960 2061 publice,
1991 1999 2098 2063 quod
2117 2005 2160 2047 in
2182 2005 2452 2048 Antoniorum
2493 2024 2500 2032 ’

2236 2076 2451 2131 „clientela

872 2171 923 2218 k)
956 2168 1081 2209 Tacit.
1101 2170 1189 2206 Arm.
1208 2165 1232 2205 1.
1254 2178 1283 2212 3.
1304 2179 1333 2204 e.
1354 2177 1403 2214 ςς.

872 2239 911 2296 1)
935 2235 962 2280 l.
989 2250 1021 2277 c.
1042 2252 1079 2294 p.
1100 2246 1160 2290 85,
1178 2255 1222 2280 cu
1245 2232 1365 2293 μόνον
1378 2229 1455 2280 δὲ’
1437 2252 1499 2313 ev?
1494 2231 1606 2285 clu-tn
1625 2237 1680 2286 τῆ
1699 2231 1823 2283 πέλει
1844 2254 1895 2282 το
1915 2230 2120 2315 quormbv
2152 2232 2230 2280 omi
2260 2255 2336 2287 τνν
2356 2252 2450 2299 προ-

942 2298 1098 2348 ςασίσιν
1128 2316 1207 2344 των
1227 2298 1455 2358 πατρικίων
1474 2291 1540 2348 νν,
1577 2288 1701 2342 ἑλλοὶ
1734 2291 1809 2356 ,ῳᾷ
1831 2316 1910 2344 των
1930 2297 2106 2343 (ἐποίκων
2128 2294 2259 2349 οἱυτῆς
2277 2295 2450 2351 πέλεων,

942 2379 1014 2418 χρη
1032 2378 1112 2406 των
1133 2360 1205 2406 ἐπί
1221 2359 1457 2434 συμμαχίας
1477 2350 1551 2413 tw}
1559 2359 1696 2432 φιλία
1716 2358 2047 2429 προσελθουσων,
2061 2350 2147 2432 καὶ
2167 2362 2245 2407 τῶν
2263 2363 2307 2407 ἔκ
2325 2362 2450 2408 πολέ-

939 2442 1023 2500 μου(
1038 2422 1343 2481 κεκρατημένων
1359 2419 1489 2470 guden
1507 2416 1715 2478 φύλακας
1734 2420 1829 2480 εῗχε
1845 2414 1919 2478 κςῆ
1935 2415 2159 2482 πςοςοὶτοις
2191 2443 2257 2472 ους
2282 2421 2354 2476 ἒβη
2357 2421 2450 2472 υλε·

944 2502 993 2531 το
1013 2484 1228 2542 Ῥωμαίων
2431 2512 2434 2516 ·

875 2556 933 2609 m)
961 2559 1004 2596 de
1022 2559 1124 2597 Offic.
1143 2558 1170 2598 l.
1191 2571 1223 2595 2.
1244 2571 1278 2596 e.
1305 2563 1335 2599 8.

871 2625 922 2674 n)
948 2623 989 2660 in
1009 2622 1188 2671 syntagm.
1207 2623 1249 2661 A.
1267 2622 1313 2664 R.
1335 2618 1604 2673 Iprud2illusst.
1631 2622 1659 2675 l·
1681 2633 1714 2674 ι,
1732 2621 1787 2663 T.
1805 2631 1839 2666 ὓ.
1855 2618 1889 2675 §.
1907 2630 1964 2669 29·
