2530 3122
185 420 189 424 -
237 388 323 449 ⁷,‚lis
358 386 559 446 corrumpi
576 381 800 426 muneribus
818 395 862 424 ac
883 379 999 424 donis
1018 389 1211 442 poterant.
1289 381 1421 423 Tanta
1439 378 1515 423 illis
1539 382 1581 422 in
1596 383 1720 423 ‘omni
1740 384 1817 424 vita
1835 392 1934 426 tem.

241 494 270 518 .,
280 469 450 525 perantia
480 479 502 504 a
532 459 727 517 voluptate
750 455 850 509 fuit,
876 460 917 500 ὅ(
933 454 1160 500 felicitatem
1187 458 1325 500 virtute
1346 473 1428 499 non
1450 455 1610 499 fortuna
1629 459 1931 506 metiebantur.“

247 545 399 587 Satisne
421 542 518 584 haec
538 532 734 592 Dionyfio
760 530 1074 585 testimoniorum
1111 531 1191 576 fide
1222 533 1421 593 explorata
1441 530 1615 588 fuerint,
1654 538 1710 578 uti
1743 535 1929 594 equidem

238 634 344 665 nunc
364 629 447 659 non
468 610 730 664 contendam,
763 612 817 652 ita
839 620 970 653 tamen
989 607 1225 653 dissimulare
1242 624 1423 671 nequeo,
1453 604 1541 652 satis
1578 611 1676 654 mihi
1704 608 1927 672 persuasum

241 690 342 744 effe,
372 693 555 751 patricios
571 722 583 740 ,
614 687 738 730 fidem
763 701 882 746 quam
902 685 1103 730 clientibus
1124 685 1334 739 debebant,
1364 685 1473 747 saepe
1493 685 1604 728 cordi
1627 686 1730 729 haud
1759 701 1929 748 magno·

237 785 334 829 pere
357 759 527 809 habuisse
548 781 599 808 ne
621 767 809 822 inprimis
828 761 990 821 quidem
1023 763 1164 807 liberae
1190 764 1423 823 reipublicae
1455 762 1695 822 temporibus
1709 797 1722 815 ,
1747 766 1789 806 δε
1804 795 1818 814 ,
1842 762 1926 821 ple·

239 847 371 906 risque
411 851 515 886 certe
552 839 699 883 ordinis
729 837 786 883 sui
836 855 881 882 ac
911 843 1128 902 potentiae,
1167 843 1336 885 rationes
1365 838 1494 884 multo
1531 841 1769 900 antiquiores
1794 833 1926 885 fuiffe·

237 923 315 965 Nat
388 934 458 972 um
474 916 779 977 rempublicam,
809 931 928 975 quam
947 921 1100 977 regibus
1118 917 1263 961 exactis
1284 916 1545 967 instituerant,
1573 914 1647 960 soli
1679 915 1921 959 administra·

233 1012 280 1042 re
301 994 361 1039 lab
411 1004 540 1045 arent,
573 1009 738 1037 omnem
758 995 878 1037 animi
896 989 1131 1045 sollertiam,
1170 997 1212 1038 ὅ(
1240 992 1375 1045 callida
1407 996 1524 1038 etiam
1551 989 1713 1038 subinde
1742 992 1918 1046 consilia,

234 1086 286 1116 eo
309 1065 514 1114 intendiss'e
533 1067 735 1121 videntur,
765 1078 808 1112 ut
826 1068 978 1129 plebem
1009 1070 1124 1131 plane
1140 1068 1211 1113 fibi
1238 1071 1453 1115 obnoxiam
1473 1065 1702 1115 redderent:
1741 1067 1834 1113 inde
1850 1068 1920 1112 villa

234 1151 278 1191 in
299 1162 421 1192 nexos
445 1143 646 1204 asperitas,
677 1161 722 1189 ac
740 1145 862 1205 plebis
881 1163 929 1189 ex
947 1144 1114 1192 foenore
1136 1148 1338 1190 calamitas
1354 1163 1370 1189 .·
1413 1146 1503 1189 inde
1533 1146 1623 1199 illa,
1655 1151 1699 1189 in
1729 1161 1920 1205 agrorum

233 1225 283 1267 ab
304 1221 414 1267 hoste
444 1233 649 1282 captorum
669 1220 879 1275 divisione,
907 1239 999 1283 erga
1016 1223 1167 1283 plebem
1186 1225 1432 1285 malignitas:
1476 1222 1568 1268 inde
1594 1226 1804 1267 acerrimae
1824 1214 1918 1265 illae

229 1315 328 1345 ¹cum
349 1298 540 1343 Tribunis
570 1302 865 1360 contentiones,
910 1296 1210 1360 frequentesque
1234 1302 1387 1344 Romae
1420 1296 1651 1350 seditiones,
1691 1301 1734 1341 ὅ(
1765 1297 1919 1356 aliquot

229 1379 349 1418 etiam
367 1374 490 1416 {adae
510 1370 763 1418 seeessiones:
793 1373 872 1433 ipsa
892 1373 958 1416 illa
977 1377 1070 1417 iuris
1090 1378 1248 1433 peritia,
1279 1392 1355 1435 qua
1376 1373 1612 1434 respondere
1640 1373 1843 1417 clientibus
1862 1382 1919 1415 te-

231 1449 448 1498 nebantur,
479 1463 598 1506 quam
626 1450 789 1507 turpiter
813 1446 917 1492 abufi
942 1448 1017 1493 fint
1053 1448 1101 1493 ad
1126 1449 1385 1495 deludendam
1413 1445 1596 1495 miseram
1619 1449 1795 1509 plebem,
1825 1464 1917 1493 cum

227 1522 341 1584 supra
366 1521 532 1566 dixerim
552 1532 842 1579 non-repetam.
904 1522 1054 1573 Nonne
1068 1524 1187 1564 etiam
1205 1519 1294 1565 iliae
1321 1522 1441 1582 plebis
1459 1524 1790 1569 &Tribunorum
1817 1540 1913 1570 cum

225 1599 399 1657 patribus
417 1601 577 1636 coortae
602 1593 874 1635 contentiones
890 1593 940 1634 de
959 1591 1046 1651 lege
1064 1591 1285 1637 Terentilia
1296 1628 1308 1647 ,
1337 1597 1588 1655 malignitatis
1605 1598 1680 1641 hos
1699 1604 1740 1642 in
1753 1604 1837 1644 iure
1858 1599 1917 1644 di·

226 1669 361 1713 cundo
380 1671 481 1711 &in
500 1662 777 1725 respondendo
794 1700 806 1719 ,
836 1669 1024 1727 arguunt?
1055 1668 1201 1710 Nonne
1225 1666 1304 1728 ipsa
1332 1661 1612 1714 Tribunorum
1644 1678 1819 1726 creatio,
1849 1679 1918 1735 qui

228 1741 411 1791 adversus
429 1741 675 1803 magistratus
696 1739 911 1802 superiores
930 1742 1103 1796 auxilio,
1132 1741 1288 1803 plebejis
1310 1756 1394 1790 tum
1424 1746 1609 1792 uuiverfis
1631 1760 1716 1793 tum
1737 1748 1914 1812 fingulis,

228 1818 377 1871 esseut,
407 1817 588 1871 ostendit,
600 1835 719 1880 quam
743 1818 903 1863 infirma
918 1816 1060 1864 esset&
1078 1835 1216 1881 parum
1233 1821 1312 1865 fida
1324 1835 1586 1883 patronorum
1609 1826 1752 1870 tutela?
1775 1842 1913 1888 quam-

230 1915 308 1959 que
326 1896 605 1958 saepenumero
629 1902 714 1941 iure
729 1895 798 1942 suo
818 1896 1059 1958 magistratus
1091 1899 1364 1943 abuterentur?
1406 1900 1566 1945 Etenim
1598 1903 1803 1950 Tribunos
1831 1906 1912 1949 iam

234 1973 475 2018 Coriolanus
504 1973 542 2030 i)
568 1972 689 2033 plebis
709 1976 895 2034 patroiios
913 1973 1082 2035 appellat
1092 1978 1115 2026 ,'
1134 1977 1176 2020 ὅ(
1194 1975 1343 2020 constat
1364 1992 1456 2030 eos,
1491 1993 1576 2021 non
1600 1980 1641 2024 in
1659 1979 1823 2040 publicis
1849 1977 1911 2031 so·

228 2045 313 2090 lum
329 2053 528 2111 utriusque
549 2048 696 2092 ordinis
729 2051 1026 2101 certaminibus,
1063 2066 1199 2094 verum
1231 2055 1273 2095 in
1302 2052 1422 2097 caulis
1450 2057 1566 2098 etiam
1591 2052 1838 2115 singulorum
1856 2058 1908 2098 ci·

230 2126 360 2176 vitun,
391 2124 511 2183 plebis
531 2126 693 2170 tutelam
711 2123 916 2188 suscepiffe.
982 2130 1177 2191 roirca
1197 2145 1262 2173 me
1282 2129 1386 2174 haud
1419 2131 1559 2191 pro'cul
1596 2145 1619 2173 a
1645 2147 1739 2175 vero
1755 2128 1905 2175 abfutu-

229 2213 320 2243 rum
340 2199 532 2254 existimo,
556 2200 584 2243 fi
604 2201 782 2253 statuam,
804 2206 883 2247 iam
904 2202 994 2248 inde
1013 2220 1033 2246 a
1045 2208 1174 2264 prima
1184 2205 1461 2250 Tribunorum
1473 2209 1682 2261 creatione,
1693 2220 1800 2254 vetus
1811 2207 1906 2252 illud

230 2275 438 2318 aRomulo
456 2278 668 2321 institutum
678 2273 939 2337 >patriz'fiorum
968 2285 1243 2340 patrocinium,
1265 2279 1404 2325 sensim
1426 2281 1670 2335 evanescere,
1692 2287 1733 2326 &
1755 2283 1802 2327 ad
1813 2300 1903 2330 eam

224 2349 426 2410 paullatim
436 2351 639 2397 defledtere
652 2354 826 2398 indolem
837 2353 1017 2416 coepisse,
1039 2373 1159 2417 quam
1180 2356 1386 2418 postremis
1397 2358 1537 2404 liberae
1552 2360 1788 2421 reipublicae
1806 2374 1905 2406 tem-

228 2425 391 2489 poribus·
404 2423 536 2471 habuit
549 2461 563 2480 ,
592 2445 685 2474 cum
703 2447 791 2476 non
808 2435 987 2494 patriciae
1013 2440 1188 2490 tantum,
1216 2430 1282 2480 sed
1300 2437 1341 2479 ἀ
1358 2433 1527 2496 plebeiae
1553 2437 1747 2482 nobilium
1768 2449 1903 2484 tamen

344 2559 353 2569 ι
430 2561 439 2571 ·
1722 2519 1902 2577 gentium
1921 2517 1927 2522 ’

337 2563 371 2610 2)
393 2562 501 2603 Dion.
522 2564 606 2608 Hal.
624 2568 666 2612 A.
685 2568 729 2628 R.
753 2568 779 2606 1.
801 2578 834 2619 7.
849 2582 888 2623 p.
905 2582 977 2621 4³5·

2422 2518 2435 2563 ,a
